@article{coulet2012state,
  title={The state of the art in text mining and natural language processing for pharmacogenomics.},
  author={Coulet, A. and Cohen, K.B. and Altman, R.B.},
  journal={Journal of Biomedical Informatics},
  year={2012}
}


